<record><leader>00000cas a22000007a 4500</leader><controlfield tag="001">10288649</controlfield><controlfield tag="008">840111d18611861moudr ne      0    0eng  </controlfield><controlfield tag="009">466</controlfield><datafield ind1=" " ind2=" " tag="010"><subfield code="a">sn 84020059 </subfield></datafield><datafield ind1=" " ind2=" " tag="040"><subfield code="a">DLC</subfield><subfield code="b">eng</subfield><subfield code="c">DLC</subfield><subfield code="d">MQN</subfield></datafield><datafield ind1="1" ind2=" " tag="029"><subfield code="a">AU@</subfield><subfield code="b">000025803990</subfield></datafield><datafield ind1=" " ind2=" " tag="042"><subfield code="a">msc</subfield></datafield><datafield ind1="0" ind2="0" tag="050"><subfield code="a">Newspaper</subfield></datafield><datafield ind1="0" ind2="0" tag="245"><subfield code="a">Daily journal of commerce--Extra.</subfield></datafield><datafield ind1=" " ind2=" " tag="260"><subfield code="a">Kansas City [Mo. :</subfield><subfield code="b">D.K. Abeel],</subfield><subfield code="c">1861.</subfield></datafield><datafield ind1=" " ind2=" " tag="300"><subfield code="a">v.</subfield></datafield><datafield ind1=" " ind2=" " tag="310"><subfield code="a">Daily</subfield></datafield><datafield ind1="0" ind2=" " tag="362"><subfield code="a">Vol. 6, no. 74 (May 15, 1861)-v. 6, no. 75 (May 16, 1861).</subfield></datafield><datafield ind1=" " ind2=" " tag="500"><subfield code="a">Published in form of Extra ed.</subfield></datafield><datafield ind1=" " ind2=" " tag="752"><subfield code="a">United States</subfield><subfield code="b">Missouri</subfield><subfield code="c">Jackson</subfield><subfield code="d">Kansas City.</subfield></datafield><datafield ind1="0" ind2=" " tag="775"><subfield code="t">Weekly western journal of commerce (Kansas City, Mo. : 1861)</subfield><subfield code="w">(DLC)sn 84020052</subfield></datafield><datafield ind1="0" ind2="0" tag="780"><subfield code="t">Daily Kansas City western journal of commerce (Kansas City, Mo. : 1860)</subfield><subfield code="w">(DLC)sn 84020058</subfield></datafield><datafield ind1="0" ind2="0" tag="785"><subfield code="t">Daily western journal of commerce</subfield><subfield code="w">(DLC)sn 84020060</subfield></datafield></record>